@misc{wd:linetap23,
	author={Castro Neves, M. and Moreau, N. and Demleitner, M.},
	title={{LineTAP}: {IVOA} Relational Model for Spectral Lines},
	year=2023,
	month=mar,
	howpublished={IVOA Working Draft 23 March 2023},
	url="https://ivoa.net/documents/LineTAP/20230323/"
}
